@inproceedings{mashkoor,
 author = {Mashkoor, Atif and Hasan, Osman},
 title = {Formal Probabilistic Analysis of Cyber-physical Transportation Systems},
 booktitle = {Proceedings of the 12th International Conference on Computational Science and Its Applications - Volume Part III},
 series = {ICCSA'12},
 year = {2012},
 isbn = {978-3-642-31136-9},
 location = {Salvador de Bahia, Brazil},
 pages = {419--434},
 numpages = {16},
 url = {http://dx.doi.org/10.1007/978-3-642-31137-6_32},
 doi = {10.1007/978-3-642-31137-6_32},
 acmid = {2368145},
 publisher = {Springer-Verlag},
 address = {Berlin, Heidelberg},
} 

@misc{Jakob,
  author = {Jakob Axelsson},
  title = {{Systems of Systems research and innovation agenda. SoS Agenda.}},
  howpublished = "\url{https://www.sics.se/sites/default/files/pub/sics.se/upload/groups/sse/sos_agenda.pdf.}",
  year = 2015
}

@Inbook{Fitzgerald2014,
author="Fitzgerald, John
and Larsen, Peter Gorm
and Woodcock, Jim",
editor="Aiguier, Marc
and Boulanger, Fr{\'e}d{\'e}ric
and Krob, Daniel
and Marchal, Clotilde",
title="Foundations for Model-Based Engineering of Systems of Systems",
bookTitle="Complex Systems Design {\&} Management: Proceedings of the Fourth International Conference on Complex Systems Design {\&} Management CSD{\&}M 2013",
year="2014",
publisher="Springer International Publishing",
address="Cham",
pages="1--19",
isbn="978-3-319-02812-5",
doi="10.1007/978-3-319-02812-5_1",
url="http://dx.doi.org/10.1007/978-3-319-02812-5_1"
}

@INPROCEEDINGS{SoSInnovation, 
author={M. Jamshidi}, 
booktitle={2008 IEEE Region 10 and the Third international Conference on Industrial and Information Systems}, 
title={System of Systems - Innovations for 21st Century}, 
year={2008}, 
pages={6-7}, 
keywords={large-scale systems;systems engineering;complex system;super system;system of systems;systems engineering;Computational intelligence;Earth;Fuzzy logic;Genetic algorithms;Global warming;Mars;Power systems;Systems engineering and theory;Technological innovation;Uncertainty}, 
doi={10.1109/ICIINFS.2008.4798321}, 
ISSN={2164-7011}, 
month={Dec},}

@INPROCEEDINGS{MeaningOfOf, 
author={J. Boardman and B. Sauser}, 
booktitle={2006 IEEE/SMC International Conference on System of Systems Engineering}, 
title={System of Systems - the meaning of of}, 
year={2006}, 
pages={6 pp.-}, 
keywords={systems analysis;systems engineering;SoS;System of Systems;system composition;systems engineering;Character recognition;Network topology;Systems engineering and theory;Technological innovation}, 
doi={10.1109/SYSOSE.2006.1652284}, 
month={April},}

@article{SoS,
 author = {Nielsen, Claus Ballegaard and Larsen, Peter Gorm and Fitzgerald, John and Woodcock, Jim and Peleska, Jan},
 title = {Systems of Systems Engineering: Basic Concepts, Model-Based Techniques, and Research Directions},
 journal = {ACM Comput. Surv.},
 issue_date = {November 2015},
 volume = {48},
 number = {2},
 month = sep,
 year = {2015},
 issn = {0360-0300},
 pages = {18:1--18:41},
 articleno = {18},
 numpages = {41},
 url = {http://doi.acm.org/10.1145/2794381},
 doi = {10.1145/2794381},
 acmid = {2794381},
 publisher = {ACM},
 address = {New York, NY, USA},
 keywords = {System of systems, model-based engineering, systems engineering},
} 

@misc{itsEU,
  title = {{Intelligent transport systems - Innovating for the transport of the future}},
  howpublished = "\url{http://ec.europa.eu/transport/themes/its/index_en.htm}",
}

@misc{platooningEU,
  title = {{Current State of EU Legislation - Cooperative Dynamic Formation of Platoons for Safe and Energy-optimized Goods Transportation}},
  howpublished = "\url{http://www.companion-project.eu/wp-content/uploads/COMPANION-D2.2-Current-state-of-the-EU-legislation.pdf}",
}

@inproceedings{ModeSwitch,
title = {Towards mode switch handling in component-based multi-mode systems.},
author = {Yin Hang, Jan Carlson, Hans Hansson.}, 
booktitle = {Proceedings of 15th International ACM SIGSOFT Symposium on Component Based Software Engineering (CBSE’12)},
pages = {183-188}, 
address = {Bertinoro, Italy},
 year = {June 2012.} 
}

@misc{kamali,
title = {Formal Veriﬁcation of Autonomous Vehicle Platooning},
author = {Maryam Kamali, Louise A. Dennis, Owen McAree, Michael Fisher, and Sandor M. Veres}, 
year = {February 5, 2016.} 
}

@misc{uppaal,
title = {A Tutorial on Uppaal 4.0},
author = {Gerd Behrmann, Alexandre David, and Kim G. Larsen}, 
year = { November 28, 2006.} 
}


@article{Kamali:2016tc,
author = {Kamali, Maryam and Dennis, Louise A and McAree, Owen and Fisher, Michael and Veres, Sandor M},
title = {{Formal Verification of Autonomous Vehicle Platooning}},
journal = {arXiv.org},
year = {2016},
eprint = {1602.01718v1},
eprinttype = {arxiv},
eprintclass = {cs.AI},
month = feb
}

@article{Fisher:2013dp,
author = {Fisher, Michael and Dennis, Louise and Webster, Matt},
title = {{Verifying autonomous systems}},
journal = {Communications of the ACM},
year = {2013},
volume = {56},
number = {9},
pages = {84--93},
month = sep
}

@incollection{franklin1996agent,
  title={Is it an Agent, or just a Program?: A Taxonomy for Autonomous Agents},
  author={Franklin, Stan and Graesser, Art},
  booktitle={Intelligent agents III agent theories, architectures, and languages},
  pages={21--35},
  year={1996},
  publisher={Springer}
}

@article{Author:2009tt,
author = {{Author}},
title = {{Software Engineering for Self-Adaptive Systems: A Research Roadmap}},
year = {2009},
pages = {1--26},
month = jun
}

@book{de2013software,
  title={Software engineering for self-adaptive systems: A second research roadmap},
  author={De Lemos, Rog{\'e}rio and Giese, Holger and M{\"u}ller, Hausi A and Shaw, Mary and Andersson, Jesper and Litoiu, Marin and Schmerl, Bradley and Tamura, Gabriel and Villegas, Norha M and Vogel, Thomas and others},
  year={2013},
  publisher={Springer}
}

@article{Ostberg:2013wq,
author = {{\"O}stberg, Kenneth and Bengtsson, Magnus},
title = {{Run time safety analysis for automotive systems in an open and adaptive environment}},
journal = {SAFECOMP 2013-Workshop {\ldots}},
year = {2013},
pages = {NA},
month = sep
}

@article{Priesterjahnr:2013vc,
author = {Priesterjahnr, Claudia},
title = {{Runtime Safety Analysis for Safe Reconfiguration}},
year = {2013},
pages = {1--6},
month = jun
}

@inproceedings{furst2009autosar,
  title={AUTOSAR--A Worldwide Standard is on the Road},
  author={F{\"u}rst, Simon and M{\"o}ssinger, J{\"u}rgen and Bunzel, Stefan and Weber, Thomas and Kirschke-Biller, Frank and Heitk{\"a}mper, Peter and Kinkelin, Gerulf and Nishikawa, Kenji and Lange, Klaus},
  booktitle={14th International VDI Congress Electronic Systems for Vehicles, Baden-Baden},
  volume={62},
  year={2009}
}

@article{Schneider:2013go,
author = {Schneider, Daniel and Trapp, Mario},
title = {{Conditional Safety Certification of Open Adaptive Systems}},
journal = {ACM Transactions on Autonomous and Adaptive Systems},
year = {2013},
volume = {8},
number = {2},
pages = {1--20},
month = jul
}

@inproceedings{rushby2007just,
  title={Just-in-time certification},
  author={Rushby, John},
  booktitle={Engineering Complex Computer Systems, 2007. 12th IEEE International Conference on},
  pages={15--24},
  year={2007},
  organization={IEEE}
}

@inproceedings{rushby2008runtime,
  title={Runtime certification},
  author={Rushby, John},
  booktitle={Runtime Verification},
  pages={21--35},
  year={2008},
  organization={Springer}
}


@inproceedings{alur1990model,
  title={Model-checking for real-time systems},
  author={Alur, Rajeev and Courcoubetis, Costas and Dill, David},
  booktitle={Logic in Computer Science, 1990. LICS'90, Proceedings., Fifth Annual IEEE Symposium on e},
  pages={414--425},
  year={1990},
  organization={IEEE}
}

@article{henzinger1994,
  title={Symbolic model checking for real-time systems},
  author={Henzinger, Thomas A and Nicollin, Xavier and Sifakis, Joseph and Yovine, Sergio},
  journal={Information and computation},
  volume={111},
  number={2},
  pages={193--244},
  year={1994},
  publisher={Elsevier}
}